
% Journals

% First the Full Name is given, then the abbreviation used in the AMS Math
% Reviews, with an indication if it could not be found there.
% Note the 2nd overwrites the 1st, so swap them if you want the full name.

 %{AMS}

 @String{AMSTrans = "American Mathematical Society Translations" }
 @String{AMSTrans = "Amer. Math. Soc. Transl." }
 @String{BullAMS = "Bulletin of the American Mathematical Society" }
 @String{BullAMS = "Bull. Amer. Math. Soc." }
 @String{ProcAMS = "Proceedings of the American Mathematical Society" }
 @String{ProcAMS = "Proc. Amer. Math. Soc." }
 @String{TransAMS = "Transactions of the American Mathematical Society" }
 @String{TransAMS = "Trans. Amer. Math. Soc." }

 %ACM
 @String{CACM = "Communications of the {ACM}" }
 @String{CACM = "Commun. {ACM}" }
 @String{CompServ = "Comput. Surveys" }
 @String{JACM = "J. ACM" }
 @String{ACMMathSoft = "{ACM} Transactions on Mathematical Software" }
 @String{ACMMathSoft = "{ACM} Trans. Math. Software" }
 @String{SIGNUM = "{ACM} {SIGNUM} Newsletter" }
 @String{SIGNUM = "{ACM} {SIGNUM} Newslett." }

 @String{AmerSocio = "American Journal of Sociology" }
 @String{AmerStatAssoc = "Journal of the American Statistical Association" }
 @String{AmerStatAssoc = "J. Amer. Statist. Assoc." }
 @String{ApplMathComp = "Applied Mathematics and Computation" }
 @String{ApplMathComp = "Appl. Math. Comput." }
 @String{AmerMathMonthly = "American Mathematical Monthly" }
 @String{AmerMathMonthly = "Amer. Math. Monthly" }
 @String{BIT = "{BIT}" }
 @String{BritStatPsych = "British Journal of Mathematical and Statistical
          Psychology" }
 @String{BritStatPsych = "Brit. J. Math. Statist. Psych." }
 @String{CanMathBull = "Canadian Mathematical Bulletin" }
 @String{CanMathBull = "Canad. Math. Bull." }
 @String{CompApplMath = "Journal of Computational and Applied Mathematics" }
 @String{CompApplMath = "J. Comput. Appl. Math." }
 @String{CompPhys = "Journal of Computational Physics" }
 @String{CompPhys = "J. Comput. Phys." }
 @String{CompStruct = "Computers and Structures" }
 @String{CompStruct = "Comput. \& Structures" }
 @String{CompJour = "The Computer Journal" }
 @String{CompJour = "Comput. J." }
 @String{CompSysSci = "Journal of Computer and System Sciences" }
 @String{CompSysSci = "J. Comput. System Sci." }
 @String{Computing = "Computing" }
 @String{ContempMath = "Contemporary Mathematics" }
 @String{ContempMath = "Contemp. Math." }
 @String{Crelle = "Crelle's Journal" }
 @String{GiornaleMath = "Giornale di Mathematiche" }
 @String{GiornaleMath = "Giorn. Mat." } % didn't find in AMS MR., ibid.

 %IEEE
 @String{Computer = "{IEEE} Computer" }
 @String{IEEETransComp = "{IEEE} Transactions on Computers" }
 @String{IEEETransComp = "{IEEE} Trans. Comput." }
 @String{IEEETransAC = "{IEEE} Transactions on Automatic Control" }
 @String{IEEETransAC = "{IEEE} Trans. Automat. Control" }
 @String{IEEESpec = "{IEEE} Spectrum" } % didn't find in AMS MR
 @String{ProcIEEE = "Proceedings of the {IEEE}" }
 @String{ProcIEEE = "Proc. {IEEE}" } % didn't find in AMS MR
 @String{IEEETransAeroElec = "{IEEE} Transactions on Aerospace and Electronic
     Systems" }
 @String{IEEETransAeroElec = "{IEEE} Trans. Aerospace Electron. Systems" }

 @String{IMANumerAna = "{IMA} Journal of Numerical Analysis" }
 @String{IMANumerAna = "{IMA} J. Numer. Anal." }
 @String{InfProcLet = "Information Processing Letters" }
 @String{InfProcLet = "Inform. Process. Lett." }
 @String{InstMathApp = "Journal of the Institute of Mathematics and
     its Applications" }
 @String{InstMathApp = "J. Inst. Math. Appl." }
 @String{IntControl = "International Journal of Control" }
 @String{IntControl = "Internat. J. Control" }
 @String{IntNumerEng = "International Journal for Numerical Methods in
     Engineering" }
 @String{IntNumerEng = "Internat. J. Numer. Methods Engrg." }
 @String{IntSuper = "International Journal of Supercomputing Applications" }
 @String{IntSuper = "Internat. J. Supercomputing Applic." } % didn't find
%% in AMS MR
 @String{Kibernetika = "Kibernetika" }
 @String{JResNatBurStand = "Journal of Research of the National Bureau
     of Standards" }
 @String{JResNatBurStand = "J. Res. Nat. Bur. Standards" }
 @String{LinAlgApp = "Linear Algebra and its Applications" }
 @String{LinAlgApp = "Linear Algebra Appl." }
 @String{MathAnaAppl = "Journal of Mathematical Analysis and Applications" }
 @String{MathAnaAppl = "J. Math. Anal. Appl." }
 @String{MathAnnalen = "Mathematische Annalen" }
 @String{MathAnnalen = "Math. Ann." }
 @String{MathPhys = "Journal of Mathematical Physics" }
 @String{MathPhys = "J. Math. Phys." }
 @String{MathComp = "Mathematics of Computation" }
 @String{MathComp = "Math. Comp." }
 @String{MathScand = "Mathematica Scandinavica" }
 @String{MathScand = "Math. Scand." }
 @String{TablesAidsComp = "Mathematical Tables and Other Aids to Computation" }
 @String{TablesAidsComp = "Math. Tables Aids Comput." }
 @String{NumerMath = "Numerische Mathematik" }
 @String{NumerMath = "Numer. Math." }
 @String{PacificMath = "Pacific Journal of Mathematics" }
 @String{PacificMath = "Pacific J. Math." }
 @String{ParDistComp = "Journal of Parallel and Distributed Computing" }
 @String{ParDistComp = "J. Parallel and Distrib. Comput." } % didn't find
%% in AMS MR
 @String{ParComputing = "Parallel Computing" }
 @String{ParComputing = "Parallel Comput." }
 @String{PhilMag = "Philosophical Magazine" }
 @String{PhilMag = "Philos. Mag." }
 @String{ProcNAS = "Proceedings of the National Academy of Sciences
                    of the USA" }
 @String{ProcNAS = "Proc. Nat. Acad. Sci. U. S. A." }
 @String{Psychometrika = "Psychometrika" }
 @String{QuartMath = "Quarterly Journal of Mathematics, Oxford, Series (2)" }
 @String{QuartMath = "Quart. J. Math. Oxford Ser. (2)" }
 @String{QuartApplMath = "Quarterly of Applied Mathematics" }
 @String{QuartApplMath = "Quart. Appl. Math." }
 @String{RevueInstStat = "Review of the International Statisical Institute" }
 @String{RevueInstStat = "Rev. Inst. Internat. Statist." }

 %SIAM
 @String{JSIAM = "Journal of the Society for Industrial and Applied
     Mathematics" }
 @String{JSIAM = "J. Soc. Indust. Appl. Math." }
 @String{JSIAMB = "Journal of the Society for Industrial and Applied
     Mathematics, Series B, Numerical Analysis" }
 @String{JSIAMB = "J. Soc. Indust. Appl. Math. Ser. B Numer. Anal." }
 @String{SIAMAlgMeth = "{SIAM} Journal on Algebraic and Discrete Methods" }
 @String{SIAMAlgMeth = "{SIAM} J. Algebraic Discrete Methods" }
 @String{SIAMAppMath = "{SIAM} Journal on Applied Mathematics" }
 @String{SIAMAppMath = "{SIAM} J. Appl. Math." }
 @String{SIAMComp = "{SIAM} Journal on Computing" }
 @String{SIAMComp = "{SIAM} J. Comput." }
 @String{SIAMMatrix = "{SIAM} Journal on Matrix Analysis and Applications" }
 @String{SIAMMatrix = "{SIAM} J. Matrix Anal. Appl." }
 @String{SIAMNumAnal = "{SIAM} Journal on Numerical Analysis" }
 @String{SIAMNumAnal = "{SIAM} J. Numer. Anal." }
 @String{SIAMReview = "{SIAM} Review" }
 @String{SIAMReview = "{SIAM} Rev." }
 @String{SIAMSciStat = "{SIAM} Journal on Scientific and Statistical
     Computing" }
 @String{SIAMSciStat = "{SIAM} J. Sci. Statist. Comput." }

 @String{SoftPracExp = "Software Practice and Experience" }
 @String{SoftPracExp = "Software Prac. Experience" } % didn't find in AMS MR
 @String{StatScience = "Statistical Science" }
 @String{StatScience = "Statist. Sci." }
 @String{Techno = "Technometrics" }
 @String{USSRCompMathPhys = "{USSR} Computational Mathematics and Mathematical
     Physics" }
 @String{USSRCompMathPhys = "{U. S. S. R.} Comput. Math. and Math. Phys." }
 @String{VLSICompSys = "Journal of {VLSI} and Computer Systems" }
 @String{VLSICompSys = "J. {VLSI} Comput. Syst." }
 @String{ZAngewMathMech = "Zeitschrift fur Angewandte Mathematik und
     Mechanik" }
 @String{ZAngewMathMech = "Z. Angew. Math. Mech." }
 @String{ZAngewMathPhys = "Zeitschrift fur Angewandte Mathematik und Physik" }
 @String{ZAngewMathPhys = "Z. Angew. Math. Phys." }

% Publishers % ================================================= |

 @String{Academic = "Academic Press" }
 @String{ACMPress = "{ACM} Press" }
 @String{AdamHilger = "Adam Hilger" }
 @String{AddisonWesley = "Addison-Wesley" }
 @String{AllynBacon = "Allyn and Bacon" }
 @String{AMS = "American Mathematical Society" }
 @String{Birkhauser = "Birkha{\"u}ser" }
 @String{CambridgePress = "Cambridge University Press" }
 @String{Chelsea = "Chelsea" }
 @String{ClaredonPress = "Claredon Press" }
 @String{DoverPub = "Dover Publications" }
 @String{Eyolles = "Eyolles" }
 @String{HoltRinehartWinston = "Holt, Rinehart and Winston" }
 @String{Interscience = "Interscience" }
 @String{JohnsHopkinsPress = "The Johns Hopkins University Press" }
 @String{JohnWileySons = "John Wiley and Sons" }
 @String{Macmillan = "Macmillan" }
 @String{MathWorks = "The Math Works Inc." }
 @String{McGrawHill = "McGraw-Hill" }
 @String{NatBurStd = "National Bureau of Standards" }
 @String{NorthHolland = "North-Holland" }
 @String{OxfordPress = "Oxford University Press" }  %address Oxford or London?
 @String{PergamonPress = "Pergamon Press" }
 @String{PlenumPress = "Plenum Press" }
 @String{PrenticeHall = "Prentice-Hall" }
 @String{SIAMPub = "{SIAM} Publications" }
 @String{Springer = "Springer-Verlag" }
 @String{TexasPress = "University of Texas Press" }
 @String{VanNostrand = "Van Nostrand" }
 @String{WHFreeman = "W. H. Freeman and Co." }

%Entries

@inproceedings{shay_2010,
    author = {Shay, Richard and Komanduri, Saranga and Kelley, Patrick and Leon, Pedro and Mazurek, Michelle and Bauer, Lujo and Christin, Nicolas and Cranor, Lorrie},
    year = {2010},
    month = {09},
    pages = {},
    title = {Encountering Stronger Password Requirements: User Attitudes and Behaviors},
    journal = {ACM International Conference Proceeding Series},
    doi = {10.1145/1837110.1837113}
}

@inproceedings{das_2014,
    author = {Das, Anupam and Bonneau, Joseph and Caesar, Matthew and Borisov, Nikita and Wang, Xiaofeng},
    year = {2014},
    month = {01},
    pages = {},
    title = {The Tangled Web of Password Reuse},
    isbn = {1-891562-35-5},
    journal = {Proceedings of NDSS 2014},
    doi = {10.14722/ndss.2014.23357}
}

@inproceedings{florencio_2007,
    author = {Florencio, Dinei and Herley, Cormac},
    year = {2007},
    month = {01},
    pages = {657-666},
    title = {A large-scale study of web password habits},
    journal = {16th International World Wide Web Conference, WWW2007},
    doi = {10.1145/1242572.1242661}
}

@Article{yan_2000,
    author = {Yan, Jianxin and Blackwell, Alan and Anderson, Ross and Grant, Alasdair},
    year = {2000},
    month = {09},
    pages = {},
    title = {The Memorability and Security of Passwords - Some Empirical Results}
}

@unpublished{bhagavatula_2020,
    author = {Bhagavatula, Sruti and Bauer, Lujo and Kapadia, Apu},
    year = {2020},
    month = {10},
    pages = {},
    title = {(How) Do people change their passwords after a breach?}
}

@misc{waugh_2012,
    author={Waugh, Rob},
    title={No wonder hackers have it easy: Most of us now have 26 different online accounts - but only five passwords},
    url={http://www.dailymail.co.uk/sciencetech/article-2174274/No-wonder-hackers-easy-Most-26-different-online-accounts--passwords.html},
    journal={Daily Mail Online},
    publisher={Associated Newspapers},
    year={2012},
    month={Jul}
}

@misc{lee_2014,
    author={Lee, Kevan},
    title={Four Methods to Create a Secure Password You'll Actually Remember},
    url={https://lifehacker.com/four-methods-to-create-a-secure-password-youll-actually-1601854240}, 
    journal={Lifehacker},
    year={2014},
    month={Jul}
}

@misc{rubenking_2021,
    author={Rubenking, Neil J.},
    title={Simple Tricks to Remember Seriously Secure Passwords},
    url={http://www.pcmag.com/how-to/simple-tricks-to-remember-seriously-secure-passwords}, 
    journal={PCMAG},
    publisher={PCMag},
    year={2021},
    month={Apr}
 }
 
@inbook{hu_2018,
    author = {Hu, Gongzhu},
    year = {2018},
    month = {06},
    pages = {165-186},
    title = {On Password Strength: A Survey and Analysis},
    isbn = {978-3-319-62047-3},
    doi = {10.1007/978-3-319-62048-0_12}
}

@inproceedings{ma_2010,
    author = {Ma, Wanli and Campbell, John and Tran, Dat and Kleeman, Dale},
    year = {2010},
    month = {09},
    pages = {583-587},
    title = {Password Entropy and Password Quality},
    journal = {Proceedings - 2010 4th International Conference on Network and System Security, NSS 2010},
    doi = {10.1109/NSS.2010.18}
}

@misc{hunt_2019,
    title={Pwned Passwords, Version 5},
    url={https://www.troyhunt.com/pwned-passwords-version-5/},
    journal={Troy Hunt},
    publisher={Troy Hunt},
    author={Hunt, Troy},
    year={2019},
    month={Jul}
} 
@misc{szczepanek_2021,
    title={Password Entropy Calculator},
    url={https://www.omnicalculator.com/other/password-entropy},
    journal={Omni Calculator},
    publisher={Omni Calculator},
    author={Szczepanek, Anna}, 
    year={2021},
    month={May}
}

@misc{nist_2020, 
    author = {Grassi, Paul and Newton, Elaine and Perlner, Ray and Regenscheid, Andrew and Fenton, Jim and Burr, William and Richer, Justin and Lefkovitz, Naomi and Danker, Jamie and Choong, Yee-Yin and Greene, Kristin and Theofanos, Mary},
    title = {Digital Identity Guidelines: Authentication and Lifecycle Management},
    year = {2017},
    month = {06},
    url={https://pages.nist.gov/800-63-3/sp800-63b.html#sec5}, 
    journal={pages.nist.gov}, 
    publisher={National Institute of Standards and Technology},
    doi = {10.6028/NIST.SP.800-63b}
} 

@article{Kavrestad_2019,
    author = {K{\"a}vrestad, Joakim and Eriksson, Fredrik and Nohlberg, Marcus},
    title = {Understanding passwords – a taxonomy of password creation strategies},
    year = {2019},
    month = {06},
    volume = {27},
    journal = {Information and Computer Security},
    doi = {10.1108/ICS-06-2018-0077}
}

@misc{passphrase_def,
    title={Passphrase - Glossary},
    url={https://csrc.nist.gov/glossary/term/Passphrase},
    journal={CSRC}
} 

@article{fernandes_2021,
    author = {Fernandes, Danyl and More, Gandharv and Anabathula, Monika and Mathew, Philip},
    year = {2021},
    month = {05},
    pages = {},
    title = {Passphrase Generation Using Diceware}
}

@misc{reinhold_2021,
    title={The Diceware Passphrase Home Page},
    url={https://theworld.com/~reinhold/diceware.html},
    journal={Diceware Passphrase Home},
    author={Reinhold, Arnold G},
    year={2021},
    month={Feb}
}

@inproceedings{blocki_2013,
author = {Blocki, Jeremiah and Blum, Manuel and Datta, Anupam},
year = {2013},
month = {02},
pages = {},
title = {Naturally Rehearsing Passwords},
isbn = {978-3-642-42044-3},
doi = {10.1007/978-3-642-42045-0_19}
}

@inproceedings{ur_2015,
    author = {Ur, Blase and Noma, Fumiko and Bees, Jonathan and Segreti, Sean and Shay, Richard and Bauer, Lujo and Christin, Nicolas and Cranor, Lorrie},
    year = {2015},
    month = {01},
    pages = {},
    title = {"I added '!' at the end to make it secure": Observing password creation in the lab}
}

@inproceedings{shay_2015,
    author = {Shay, Richard and Bauer, Lujo and Christin, Nicolas and Cranor, Lorrie and Forget, Alain and Komanduri, Saranga and Mazurek, Michelle and Melicher, William and Segreti, Sean and Ur, Blase},
    year = {2015},
    month = {04},
    pages = {},
    title = {A Spoonful of Sugar?: The Impact of Guidance and Feedback on Password-Creation Behavior},
    doi = {10.1145/2702123.2702586}
}

@misc{contributor_2005, 
    title={What is dictionary attack? - Definition from WhatIs.com}, url={https://searchsecurity.techtarget.com/definition/dictionary-attack}, journal={SearchSecurity}, publisher={TechTarget}, author={Contributor, TechTarget}, 
    year={2005}, 
    month={Oct}
} 
    
@misc{enzoic_2020, title={Cracking Dictionaries: What You Need to Know},
    url={https://www.enzoic.com/password-cracking-dictionaries/}, journal={Enzoic}, 
    year={2020}, 
    month={Nov}
} 
 
 @misc{imperva_2020, 
    title={What is Credential Stuffing: Attack Example \& Defense Methods: Imperva}, 
    url={https://www.imperva.com/learn/application-security/credential-stuffing/}, 
    journal={Imperva}, 
    publisher={Imperva}, 
    year={2020}, 
    month={Jul}
} 

 @misc{hashcat, 
    title={hashcat advanced password recovery}, url={https://hashcat.net/wiki/doku.php?id=mask_attack}, journal={hashcat}, 
    publisher={hashcat}
} 
 
 @misc{mueller_wetter_manico_kingthorin, 
    title={Credential stuffing}, url={https://owasp.org/www-community/attacks/Credential_stuffing}, journal={Credential stuffing Software Attack | OWASP Foundation}, author={Mueller, Neal and Wetter, Dirk and Manico, J and Kingthorin}
} 
 
 @misc{pedamkar_2021, 
    title={Brute Force Algorithm: A Quick Glance of Brute Force Algorithm}, url={https://www.educba.com/brute-force-algorithm/}, 
    journal={EDUCBA}, 
    author={Pedamkar, Priya}, 
    year={2021}, 
    month={Mar}
} 
 
 @misc{poston_2020, 
    title={10 most popular password cracking tools [updated 2020]}, url={https://resources.infosecinstitute.com/topic/10-popular-password-cracking-tools/}, 
    journal={Infosec Resources}, 
    author={Poston, Howard}, 
    year={2020}, 
    month={Sep}
} 

 @misc{walker_2020, 
    title={The top 12 password-cracking techniques used by hackers}, url={https://www.itpro.com/security/34616/the-top-password-cracking-techniques-used-by-hackers}, 
    journal={IT PRO}, 
    publisher={IT Pro}, 
    author={Walker, Dale}, 
    year={2020}, 
    month={Nov}
} 
 